<record><leader>00000cas a22000007a 4500</leader><controlfield tag="001">27158814</controlfield><controlfield tag="008">921222d192u192umouwr ne      0    0eng d</controlfield><datafield ind1=" " ind2=" " tag="010"><subfield code="a">sn 92059021 </subfield></datafield><datafield ind1=" " ind2=" " tag="040"><subfield code="a">MQN</subfield><subfield code="b">eng</subfield><subfield code="c">MQN</subfield><subfield code="d">OCLCQ</subfield></datafield><datafield ind1=" " ind2=" " tag="042"><subfield code="a">msc</subfield></datafield><datafield ind1="0" ind2="4" tag="245"><subfield code="a">The Sheridan press.</subfield></datafield><datafield ind1=" " ind2=" " tag="260"><subfield code="a">Sheridan, Worth County, Mo. :</subfield><subfield code="b">J.E. Wildman</subfield></datafield><datafield ind1=" " ind2=" " tag="300"><subfield code="a">v.</subfield></datafield><datafield ind1=" " ind2=" " tag="310"><subfield code="a">Weekly</subfield></datafield><datafield ind1=" " ind2=" " tag="588"><subfield code="a">Description based on: Vol. 2, no. 3 (Feb. 21, 1924).</subfield></datafield><datafield ind1=" " ind2="4" tag="651"><subfield code="a">Sheridan (Mo.)</subfield><subfield code="v">Newspapers.</subfield></datafield><datafield ind1=" " ind2=" " tag="752"><subfield code="a">United States</subfield><subfield code="b">Missouri</subfield><subfield code="c">Worth</subfield><subfield code="d">Sheridan.</subfield></datafield><datafield ind1="0" ind2="0" tag="780"><subfield code="t">Sheridan advance (Sheridan, Mo. : 1888)</subfield><subfield code="w">(DLC)sn 90061724</subfield></datafield><datafield ind1="0" ind2="0" tag="785"><subfield code="t">Sheridan advance (Sheridan, Mo. : 1929)</subfield><subfield code="w">(DLC)sn 92059022</subfield></datafield></record>